<record><leader>00000cas a2200000 a 4500</leader><controlfield tag="001">15474707</controlfield><controlfield tag="008">870402u1885uuuuilumr ne      0   a0eng c</controlfield><datafield ind1=" " ind2=" " tag="010"><subfield code="a">  2012271015</subfield></datafield><datafield ind1=" " ind2=" " tag="040"><subfield code="a">JFK</subfield><subfield code="b">eng</subfield><subfield code="c">JFK</subfield><subfield code="d">NVF</subfield><subfield code="d">OCLCF</subfield><subfield code="d">OCLCO</subfield><subfield code="d">NVF</subfield></datafield><datafield ind1=" " ind2=" " tag="042"><subfield code="a">pcc</subfield></datafield><datafield ind1=" " ind2=" " tag="043"><subfield code="a">n-us-il</subfield></datafield><datafield ind1="0" ind2="0" tag="245"><subfield code="a">Ogle County schools.</subfield></datafield><datafield ind1="1" ind2="3" tag="246"><subfield code="a">Ogle County school</subfield></datafield><datafield ind1=" " ind2=" " tag="260"><subfield code="a">Oregon, Ill. :</subfield><subfield code="b">Fernando Sanford [and] Carrie R. Veazie,</subfield><subfield code="c">1885-</subfield></datafield><datafield ind1=" " ind2=" " tag="300"><subfield code="a">v.</subfield><subfield code="c">40 cm.</subfield></datafield><datafield ind1=" " ind2=" " tag="310"><subfield code="a">Monthly</subfield></datafield><datafield ind1="0" ind2=" " tag="362"><subfield code="a">Vol. 1, no. 1 (Nov. 1885)-</subfield></datafield><datafield ind1=" " ind2=" " tag="500"><subfield code="a">"Devoted to educational interest of Ogle County."</subfield></datafield><datafield ind1=" " ind2=" " tag="550"><subfield code="a">"Monthly from the Ogle County Reporter Office."</subfield></datafield><datafield ind1=" " ind2=" " tag="588"><subfield code="a">Description based on: Vol. 1, no. 3 (Jan. 1886).</subfield></datafield><datafield ind1=" " ind2=" " tag="588"><subfield code="a">Latest issue consulted: Vol. 1, no. 9 (July 1886).</subfield></datafield><datafield ind1=" " ind2="0" tag="650"><subfield code="a">Public schools</subfield><subfield code="z">Illinois</subfield><subfield code="z">Ogle County</subfield><subfield code="v">Newspapers.</subfield></datafield><datafield ind1=" " ind2="0" tag="651"><subfield code="a">Ogle County (Ill.)</subfield><subfield code="v">Newspapers.</subfield></datafield><datafield ind1=" " ind2="7" tag="650"><subfield code="a">Public schools.</subfield><subfield code="2">fast</subfield><subfield code="0">(OCoLC)fst01082942</subfield></datafield><datafield ind1=" " ind2="7" tag="651"><subfield code="a">Illinois</subfield><subfield code="z">Ogle County.</subfield><subfield code="2">fast</subfield><subfield code="0">(OCoLC)fst01210697</subfield></datafield><datafield ind1=" " ind2="7" tag="655"><subfield code="a">Newspapers.</subfield><subfield code="2">fast</subfield><subfield code="0">(OCoLC)fst01423814</subfield></datafield><datafield ind1="2" ind2=" " tag="710"><subfield code="a">Ogle County Reporter Office.</subfield><subfield code="k">Newspapers.</subfield></datafield><datafield ind1=" " ind2=" " tag="752"><subfield code="a">United States</subfield><subfield code="b">Illinois</subfield><subfield code="c">Ogle County</subfield><subfield code="d">Oregon.</subfield></datafield></record>